@phdthesis{zanni2013modelisation,
  title={Mod{\'e}lisation implicite par squelette et Applications},
  author={Zanni, C{\'e}dric},
  year={2013},
  school={Universit{\'e} Joseph-Fourier-Grenoble I}
}

@article{lagae2009procedural,
  title={Procedural noise using sparse Gabor convolution},
  author={Lagae, Ares and Lefebvre, Sylvain and Drettakis, George and Dutr{\'e}, Philip},
  journal={ACM Transactions on Graphics (TOG)},
  volume={28},
  number={3},
  pages={1--10},
  year={2009},
  publisher={ACM New York, NY, USA}
}